%%%%%%%%%% Medical Domain %%%%%%%%

@article{DBLP:journals/corr/RaghuKCSG17,
  author    = {Aniruddh Raghu and
               Matthieu Komorowski and
               Leo Anthony Celi and
               Peter Szolovits and
               Marzyeh Ghassemi},
  title     = {Continuous State-Space Models for Optimal Sepsis Treatment - a Deep
               Reinforcement Learning Approach},
  journal   = {CoRR},
  volume    = {abs/1705.08422},
  year      = {2017},
  url       = {http://arxiv.org/abs/1705.08422},
  archivePrefix = {arXiv},
  eprint    = {1705.08422},
  timestamp = {Mon, 13 Aug 2018 16:49:01 +0200},
  biburl    = {https://dblp.org/rec/bib/journals/corr/RaghuKCSG17},
  bibsource = {dblp computer science bibliography, https://dblp.org}
}

@article{DBLP:journals/corr/abs-1712-00654,
  author    = {Wei{-}Hung Weng and
               Mingwu Gao and
               Ze He and
               Susu Yan and
               Peter Szolovits},
  title     = {Representation and Reinforcement Learning for Personalized Glycemic
               Control in Septic Patients},
  journal   = {CoRR},
  volume    = {abs/1712.00654},
  year      = {2017},
  url       = {http://arxiv.org/abs/1712.00654},
  archivePrefix = {arXiv},
  eprint    = {1712.00654},
  timestamp = {Mon, 13 Aug 2018 16:48:04 +0200},
  biburl    = {https://dblp.org/rec/bib/journals/corr/abs-1712-00654},
  bibsource = {dblp computer science bibliography, https://dblp.org}
}

@article{DBLP:journals/corr/abs-1805-12298,
  author    = {Omer Gottesman and
               Fredrik D. Johansson and
               Joshua Meier and
               Jack Dent and
               Donghun Lee and
               Srivatsan Srinivasan and
               Linying Zhang and
               Yi Ding and
               David Wihl and
               Xuefeng Peng and
               Jiayu Yao and
               Isaac Lage and
               Christopher Mosch and
               Li{-}Wei H. Lehman and
               Matthieu Komorowski and
               Aldo Faisal and
               Leo Anthony Celi and
               David Sontag and
               Finale Doshi{-}Velez},
  title     = {Evaluating Reinforcement Learning Algorithms in Observational Health
               Settings},
  journal   = {CoRR},
  volume    = {abs/1805.12298},
  year      = {2018},
  url       = {http://arxiv.org/abs/1805.12298},
  archivePrefix = {arXiv},
  eprint    = {1805.12298},
  timestamp = {Mon, 13 Aug 2018 16:47:29 +0200},
  biburl    = {https://dblp.org/rec/bib/journals/corr/abs-1805-12298},
  bibsource = {dblp computer science bibliography, https://dblp.org}
}

@article{DBLP:journals/corr/abs-1807-01066,
  author    = {Aniruddh Raghu and
               Omer Gottesman and
               Yao Liu and
               Matthieu Komorowski and
               Aldo Faisal and
               Finale Doshi{-}Velez and
               Emma Brunskill},
  title     = {Behaviour Policy Estimation in Off-Policy Policy Evaluation: Calibration
               Matters},
  journal   = {CoRR},
  volume    = {abs/1807.01066},
  year      = {2018},
  url       = {http://arxiv.org/abs/1807.01066},
  archivePrefix = {arXiv},
  eprint    = {1807.01066},
  timestamp = {Mon, 13 Aug 2018 16:47:50 +0200},
  biburl    = {https://dblp.org/rec/bib/journals/corr/abs-1807-01066},
  bibsource = {dblp computer science bibliography, https://dblp.org}
}



@proceedings{DBLP:conf/aaai/2015,
  editor    = {Blai Bonet and
               Sven Koenig},
  title     = {Proceedings of the Twenty-Ninth {AAAI} Conference on Artificial Intelligence,
               January 25-30, 2015, Austin, Texas, {USA}},
  publisher = {{AAAI} Press},
  year      = {2015},
  url       = {http://www.aaai.org/Library/AAAI/aaai15contents.php},
  isbn      = {978-1-57735-698-1},
  timestamp = {Sun, 12 Apr 2015 12:16:43 +0200},
  biburl    = {https://dblp.org/rec/bib/conf/aaai/2015},
  bibsource = {dblp computer science bibliography, https://dblp.org}
}

@article{DBLP:journals/corr/PrasadCCDE17,
  author    = {Niranjani Prasad and
               Li{-}Fang Cheng and
               Corey Chivers and
               Michael Draugelis and
               Barbara E. Engelhardt},
  title     = {A Reinforcement Learning Approach to Weaning of Mechanical Ventilation
               in Intensive Care Units},
  journal   = {CoRR},
  volume    = {abs/1704.06300},
  year      = {2017},
  url       = {http://arxiv.org/abs/1704.06300},
  archivePrefix = {arXiv},
  eprint    = {1704.06300},
  timestamp = {Mon, 13 Aug 2018 16:46:02 +0200},
  biburl    = {https://dblp.org/rec/bib/journals/corr/PrasadCCDE17},
  bibsource = {dblp computer science bibliography, https://dblp.org}
}

@book{holt2011textbook,
  title={Textbook of Diabetes},
  author={Holt, R.I.G. and Cockram, C. and Flyvbjerg, A. and Goldstein, B.J.},
  isbn={9781444348064},
  url={https://books.google.ca/books?id=mGV4wu8AkPwC},
  year={2011},
  publisher={Wiley}
}

@inproceedings{DBLP:conf/adprl/PadmanabhanMH14,
  author    = {Regina Padmanabhan and
               Nader Meskin and
               Wassim M. Haddad},
  title     = {Closed-loop control of anesthesia and mean arterial pressure using
               reinforcement learning},
  booktitle = {2014 {IEEE} Symposium on Adaptive Dynamic Programming and Reinforcement
               Learning, {ADPRL} 2014, Orlando, FL, USA, December 9-12, 2014},
  pages     = {1--8},
  year      = {2014},
  crossref  = {DBLP:conf/adprl/2014},
  url       = {https://doi.org/10.1109/ADPRL.2014.7010644},
  doi       = {10.1109/ADPRL.2014.7010644},
  timestamp = {Mon, 29 May 2017 13:41:22 +0200},
  biburl    = {https://dblp.org/rec/bib/conf/adprl/PadmanabhanMH14},
  bibsource = {dblp computer science bibliography, https://dblp.org}
}

@article{zhao2011reinforcement,
  title={Reinforcement learning strategies for clinical trials in nonsmall cell lung cancer},
  author={Zhao, Yufan and Zeng, Donglin and Socinski, Mark A and Kosorok, Michael R},
  journal={Biometrics},
  volume={67},
  number={4},
  pages={1422--1433},
  year={2011},
  publisher={Wiley Online Library}
}

@article{DBLP:journals/artmed/Escandell-MonteroCMGBSMVSGM14,
  author    = {Pablo Escandell{-}Montero and
               Milena Chermisi and
               Jos{\'{e}} Mar{\'{\i}}a Mart{\'{\i}}nez{-}Mart{\'{\i}}nez and
               Juan G{\'{o}}mez{-}Sanch{\'{\i}}s and
               Carlo Barbieri and
               Emilio Soria{-}Olivas and
               Flavio Mari and
               Joan Vila{-}Franc{\'{e}}s and
               Andrea Stopper and
               Emanuele Gatti and
               Jos{\'{e}} David Mart{\'{\i}}n{-}Guerrero},
  title     = {Optimization of anemia treatment in hemodialysis patients via reinforcement
               learning},
  journal   = {Artificial Intelligence in Medicine},
  volume    = {62},
  number    = {1},
  pages     = {47--60},
  year      = {2014},
  url       = {https://doi.org/10.1016/j.artmed.2014.07.004},
  doi       = {10.1016/j.artmed.2014.07.004},
  timestamp = {Fri, 30 Nov 2018 13:23:49 +0100},
  biburl    = {https://dblp.org/rec/bib/journals/artmed/Escandell-MonteroCMGBSMVSGM14},
  bibsource = {dblp computer science bibliography, https://dblp.org}
}

@inproceedings{DBLP:conf/aaai/GuezVAP08,
  author    = {Arthur Guez and
               Robert D. Vincent and
               Massimo Avoli and
               Joelle Pineau},
  title     = {Adaptive Treatment of Epilepsy via Batch-mode Reinforcement Learning},
  booktitle = {Proceedings of the Twenty-Third {AAAI} Conference on Artificial Intelligence,
               {AAAI} 2008, Chicago, Illinois, USA, July 13-17, 2008},
  pages     = {1671--1678},
  year      = {2008},
  crossref  = {DBLP:conf/aaai/2008},
  url       = {http://www.aaai.org/Library/IAAI/2008/iaai08-008.php},
  timestamp = {Mon, 10 Dec 2012 17:36:53 +0100},
  biburl    = {https://dblp.org/rec/bib/conf/aaai/GuezVAP08},
  bibsource = {dblp computer science bibliography, https://dblp.org}
}

@inproceedings{DBLP:conf/embc/NematiGC16,
  author    = {Shamim Nemati and
               Mohammad M. Ghassemi and
               Gari D. Clifford},
  title     = {Optimal medication dosing from suboptimal clinical examples: {A} deep
               reinforcement learning approach},
  booktitle = {38th Annual International Conference of the {IEEE} Engineering in
               Medicine and Biology Society, {EMBC} 2016, Orlando, FL, USA, August
               16-20, 2016},
  pages     = {2978--2981},
  year      = {2016},
  crossref  = {DBLP:conf/embc/2016},
  url       = {https://doi.org/10.1109/EMBC.2016.7591355},
  doi       = {10.1109/EMBC.2016.7591355},
  timestamp = {Wed, 14 Nov 2018 10:54:13 +0100},
  biburl    = {https://dblp.org/rec/bib/conf/embc/NematiGC16},
  bibsource = {dblp computer science bibliography, https://dblp.org}
}

@inproceedings{ernst2006clinical,
  title={Clinical data based optimal STI strategies for HIV: a reinforcement learning approach},
  author={Ernst, Damien and Stan, Guy-Bart and Goncalves, Jorge and Wehenkel, Louis},
  booktitle={Decision and Control, 2006 45th IEEE Conference on},
  pages={667--672},
  year={2006},
  organization={IEEE}
}

%%%%%%%%%% General RL %%%%%%%%%%

@book{sutton1998reinforcement,
  title={Reinforcement learning: An introduction},
  author={Sutton, Richard S and Barto, Andrew G},
  year={1998},
  publisher={MIT press}
}

@article{bertsekas1996neuro,
  title={Neuro-dynamic programming (optimization and neural computation series, 3)},
  author={Bertsekas, Dimitri P and Tsitsiklis, John N},
  journal={Athena Scientific},
  volume={7},
  pages={15--23},
  year={1996}
}

@article{DBLP:journals/corr/JiangL15,
  author    = {Nan Jiang and
               Lihong Li},
  title     = {Doubly Robust Off-policy Evaluation for Reinforcement Learning},
  journal   = {CoRR},
  volume    = {abs/1511.03722},
  year      = {2015},
  url       = {http://arxiv.org/abs/1511.03722},
  archivePrefix = {arXiv},
  eprint    = {1511.03722},
  timestamp = {Mon, 13 Aug 2018 16:46:42 +0200},
  biburl    = {https://dblp.org/rec/bib/journals/corr/JiangL15},
  bibsource = {dblp computer science bibliography, https://dblp.org}
}

@inproceedings{DBLP:conf/icml/ThomasB16,
  author    = {Philip S. Thomas and
               Emma Brunskill},
  title     = {Data-Efficient Off-Policy Policy Evaluation for Reinforcement Learning},
  booktitle = {Proceedings of the 33nd International Conference on Machine Learning,
               {ICML} 2016, New York City, NY, USA, June 19-24, 2016},
  pages     = {2139--2148},
  year      = {2016},
  crossref  = {DBLP:conf/icml/2016},
  url       = {http://jmlr.org/proceedings/papers/v48/thomasa16.html},
  timestamp = {Tue, 12 Jul 2016 21:51:16 +0200},
  biburl    = {https://dblp.org/rec/bib/conf/icml/ThomasB16},
  bibsource = {dblp computer science bibliography, https://dblp.org}
}

@inproceedings{DBLP:conf/icml/PrecupSS00,
  author    = {Doina Precup and
               Richard S. Sutton and
               Satinder P. Singh},
  title     = {Eligibility Traces for Off-Policy Policy Evaluation},
  booktitle = {Proceedings of the Seventeenth International Conference on Machine
               Learning {(ICML} 2000), Stanford University, Stanford, CA, USA, June
               29 - July 2, 2000},
  pages     = {759--766},
  year      = {2000},
  crossref  = {DBLP:conf/icml/2000},
  timestamp = {Sun, 21 Feb 2010 20:54:50 +0100},
  biburl    = {https://dblp.org/rec/bib/conf/icml/PrecupSS00},
  bibsource = {dblp computer science bibliography, https://dblp.org}
}

@inproceedings{DBLP:conf/icml/NgR00,
  author    = {Andrew Y. Ng and
               Stuart J. Russell},
  title     = {Algorithms for Inverse Reinforcement Learning},
  booktitle = {Proceedings of the Seventeenth International Conference on Machine
               Learning {(ICML} 2000), Stanford University, Stanford, CA, USA, June
               29 - July 2, 2000},
  pages     = {663--670},
  year      = {2000},
  crossref  = {DBLP:conf/icml/2000},
  timestamp = {Sun, 21 Feb 2010 20:54:50 +0100},
  biburl    = {https://dblp.org/rec/bib/conf/icml/NgR00},
  bibsource = {dblp computer science bibliography, https://dblp.org}
}

@book{DBLP:books/lib/Rubinstein81,
  author    = {Reuven Y. Rubinstein},
  title     = {Simulation and the Monte Carlo method},
  series    = {Wiley series in probability and mathematical statistics},
  publisher = {Wiley},
  year      = {1981},
  url       = {http://www.worldcat.org/oclc/07275104},
  isbn      = {0471089176},
  timestamp = {Wed, 26 Apr 2017 17:48:08 +0200},
  biburl    = {https://dblp.org/rec/bib/books/lib/Rubinstein81},
  bibsource = {dblp computer science bibliography, https://dblp.org}
}

@article{DBLP:journals/jmlr/ErnstGW05,
  author    = {Damien Ernst and
               Pierre Geurts and
               Louis Wehenkel},
  title     = {Tree-Based Batch Mode Reinforcement Learning},
  journal   = {Journal of Machine Learning Research},
  volume    = {6},
  pages     = {503--556},
  year      = {2005},
  url       = {http://www.jmlr.org/papers/v6/ernst05a.html},
  timestamp = {Wed, 21 Feb 2007 09:15:38 +0100},
  biburl    = {https://dblp.org/rec/bib/journals/jmlr/ErnstGW05},
  bibsource = {dblp computer science bibliography, https://dblp.org}
}

@inproceedings{DBLP:conf/nips/VapnikGS96,
  author    = {Vladimir Vapnik and
               Steven E. Golowich and
               Alexander J. Smola},
  title     = {Support Vector Method for Function Approximation, Regression Estimation
               and Signal Processing},
  booktitle = {Advances in Neural Information Processing Systems 9, NIPS, Denver,
               CO, USA, December 2-5, 1996},
  pages     = {281--287},
  year      = {1996},
  crossref  = {DBLP:conf/nips/1996N},
  url       = {http://papers.nips.cc/paper/1187-support-vector-method-for-function-approximation-regression-estimation-and-signal-processing},
  timestamp = {Thu, 07 May 2015 20:04:44 +0200},
  biburl    = {https://dblp.org/rec/bib/conf/nips/VapnikGS96},
  bibsource = {dblp computer science bibliography, https://dblp.org}
}

@article{DBLP:journals/ml/WatkinsD92,
  author    = {Christopher J. C. H. Watkins and
               Peter Dayan},
  title     = {Technical Note Q-Learning},
  journal   = {Machine Learning},
  volume    = {8},
  pages     = {279--292},
  year      = {1992},
  url       = {https://doi.org/10.1007/BF00992698},
  doi       = {10.1007/BF00992698},
  timestamp = {Wed, 14 Nov 2018 10:27:02 +0100},
  biburl    = {https://dblp.org/rec/bib/journals/ml/WatkinsD92},
  bibsource = {dblp computer science bibliography, https://dblp.org}
}

@article{moore1990efficient,
  title={Efficient memory-based learning for robot control},
  author={Moore, Andrew William},
  year={1990},
  publisher={Citeseer}
}

@article{DBLP:journals/ml/SinghS96,
  author    = {Satinder P. Singh and
               Richard S. Sutton},
  title     = {Reinforcement Learning with Replacing Eligibility Traces},
  journal   = {Machine Learning},
  volume    = {22},
  number    = {1-3},
  pages     = {123--158},
  year      = {1996},
  url       = {https://doi.org/10.1023/A:1018012322525},
  doi       = {10.1023/A:1018012322525},
  timestamp = {Sun, 28 May 2017 13:18:24 +0200},
  biburl    = {https://dblp.org/rec/bib/journals/ml/SinghS96},
  bibsource = {dblp computer science bibliography, https://dblp.org}
}

@article{geurts2006extremely,
  title={Extremely randomized trees},
  author={Geurts, Pierre and Ernst, Damien and Wehenkel, Louis},
  journal={Machine learning},
  volume={63},
  number={1},
  pages={3--42},
  year={2006},
  publisher={Springer}
}